%----------------------------------------------------------------------------------------
%	BOOK, ARTICLE, JOURNAL, THESIS,...
%----------------------------------------------------------------------------------------

@book{evans:ddd,
  author = "Evans, Eric",
  publisher = "Addison-Wesley",
  title = "Domain-Driven Design: Tackling Complexity in the Heart of Software",
  year = "2004"
}

@book{pozrikidis2014introduction ,
  title	= {An Introduction to Grids, Graphs, and Networks}
,	author	= {Pozrikidis, Constantine}
,	year	= {2014}
,	publisher	= {Oxford University Press}
}

@book{fielding2000architectural
,	title	= {Architectural Styles and the Design of Network-based Software Architectures}
,	publisher	= {University of California, Irvine}
,	author	= {Fielding, Roy Thomas}
,	year	= {2000}
, url = {https://www.ics.uci.edu/~fielding/pubs/dissertation/top.htm},
}



@book{Raymond2003,
	title = {{The Art of UNIX Programming}},
  author = {{Eric S. Raymond}},
	year = {2003},
  publisher = {Addison-Wesley},
	url = {http://catb.org/~esr/writings/taoup/html/},
}

@article{landin1966next
,	title	= {The next 700 programming languages}
,	author	= {Landin, P.J.}
,	journal	= {Communications of the ACM}
,	volume	= {9}
,	number	= {3}
,	pages	= {157--166}
,	year	= {1966}
,	publisher	= {ACM}
}

@Article{Spi00b,
	Title="Notable Design Patterns for Domain Specific Languages",
	Author="Diomidis Spinellis",
	Journal="Journal of Systems and Software",
	ISSN="0164-1212",
	Pages="91--99",
	Year="2001",
	Month=feb,
	Volume=56,
	Number=1,
	DOI="10.1016/S0164-1212(00)00089-3",
	tags="plang",
	URL=    "http://www.spinellis.gr/pubs/jrnl/2000-JSS-DSLPatterns/html/dslpat.html"
	}





@article{Cardelli+Wegner:1985
,	author	= {Luca Cardelli and 

                  Peter Wegner}
,	title	= {On Understanding Types, Data Abstraction, and Polymorphism}
,	journal	= {ACM Computing Surveys}
,	volume	= {17}
,	number	= {4}
,	pages	= {471--522}
,	year	= {1985}
}

@book{booch2008object
,	title	= {Object-oriented analysis and design with applications}
,	author	= {Booch, Grady and Maksimchuk, Robert A and Engel, Michael W and Young, Bobbi J and Conallen, Jim and Houston, Kelli A}
,	volume	= {3}
,	year	= {2008}
,	publisher	= {Addison-Wesley}
}

%----------------------------------------------------------------------------------------
%	WEB, VIDEO, SOCIAL MEDIA,...
%----------------------------------------------------------------------------------------

@online{graphql:spec,
author = "Facebook",
title = "GraphQL Spec",
year = "2018",
publisher = "{}",
url = "spec.graphql.org",
urldate = {2021-10-06}
}

@online{SchemaDriven2017Nov,
	title = {{Using A Schema-First Design As Your Single Source of Truth {$\vert$} Nordic APIs {$\vert$}}},
	journal = {Nordic APIs},
	year = {2017},
	month = {Nov},
	note = {[Online; accessed 16. Oct. 2021]},
	url = {https://nordicapis.com/using-a-schema-first-design-as-your-single-source-of-truth}
}

@online{SchemaDrivenDesign2021Jul,
	title = {{99designs}},
	journal = {99designs},
	year = {2021},
	month = {Jul},
	note = {[Online; accessed 16. Oct. 2021]},
	url = {https://99designs.com/blog/engineering/schema-driven-development}
}

@online{thinkingInGraphsOct2021,
	title = {{Thinking in Graphs {$\vert$} GraphQL}},
  author= {GraphQL Foundation},
	note = {[Online; accessed 16. Oct. 2021]},
	url = {https://graphql.org/learn/thinking-in-graphs}
}

@online{betterRESTPrisma,
	title = {{GraphQL vs REST - A comparison}},
  author= {Prisma},
	note = {[Online; accessed 19. Oct. 2021]},
	url = {https://www.howtographql.com/basics/1-graphql-is-the-better-rest}
}

@online{WhyUseGraphQLApollo,
	title = {{Why use GraphQL?}},
	journal = {Apollo GraphQL Blog},
	year = {2020},
	month = {Nov},
	note = {[Online; accessed 19. Oct. 2021]},
	url = {https://www.apollographql.com/blog/graphql/basics/why-use-graphql}
}

@online{GraphQLSchemaBasics,
	title = {{GraphQL schema basics}},
	journal = {Apollo GraphQL Docs},
	note = {[Online; accessed 19. Oct. 2021]},
	url = {https://www.apollographql.com/docs/apollo-server/schema/schema/#naming-conventions}
}

@online{pythonGloss2021Oct,
	title = {{Glossary {\ifmmode---\else\textemdash\fi} Python 3.10.0 documentation}},
	year = {2021},
	month = {Oct},
	note = {[Online; accessed 16. Oct. 2021]},
	url = {https://docs.python.org/3/glossary.html#term-duck-typing}
}

@online{graphqlRefImple2021Oct,
	author = {graphql},
	title = {{graphql-js}},
	journal = {GitHub},
	year = {2021},
	month = {Oct},
	note = {[Online; accessed 16. Oct. 2021]},
	url = {https://github.com/graphql/graphql-js}
}

%----------------------------------------------------------------------------------------
%	SOFTWARE, MANUAL,...
%----------------------------------------------------------------------------------------


%----------------------------------------------------------------------------------------
%	LEGAL, LAW, CONSTITUTION, CHARTER, PATENT, STANDARD,...
%----------------------------------------------------------------------------------------

